@article{fei2020state,
	title={State of the art in milling process of the flexible workpiece},
	author={Fei, Jixiong and Xu, Feifei and Lin, Bin and Huang, Tian},
	journal={The International Journal of Advanced Manufacturing Technology},
	volume={109},
	pages={1695--1725},
	year={2020},
	publisher={Springer}
}

@article{chung2001materials,
	title={Materials for vibration damping},
	author={Chung, DDL},
	journal={Journal of materials science},
	volume={36},
	pages={5733--5737},
	year={2001},
	publisher={Springer}
}

@misc{sivasubramanian2019optimization,
	title={Optimization and simulation of formed suction cup to position aerospace CFRP parts during milling.},
	author={Sivasubramanian, Sriramkumar},
	year={2019}
}

@inproceedings{zhu2006principle,
	title={Principle and application of vibrating suction method},
	author={Zhu, Tao and Liu, Rong and Wang, Xu D and Wang, Kun},
	booktitle={2006 IEEE International Conference on Robotics and Biomimetics},
	pages={491--495},
	year={2006},
	organization={IEEE}
}

@article{del2019thin,
	title={Thin-wall machining of light alloys: A review of models and industrial approaches},
	author={Del Sol, Irene and Rivero, Asuncion and L{\'o}pez de Lacalle, Luis Norberto and Gamez, Antonio Juan},
	journal={Materials},
	volume={12},
	number={12},
	pages={2012},
	year={2019},
	publisher={MDPI}
}

@article{rachierumethodology,
	title={METHODOLOGY FOR SOME ORIENTATION AND CLAMPING DEVICES INTEGRATION ON CNC MACHINE TOOLS},
	author={RACHIERU, Nicoleta and NIÈš{\u{A}}, Raluca Magdalena}
}